{
  "leader": "03887cam a2200553 i 4500",
  "fields": [
    {
      "001": "ocm06487187\\"
    },
    {
      "003": "OCoLC"
    },
    {
      "005": "20220106151117.0"
    },
    {
      "008": "800616s1980\\\\\\\\mau\\\\\\\\\\\\d\\\\\\\\000\\0ceng\\\\"
    },
    {
      "010": {
        "ind1": "\\",
        "ind2": "\\",
        "subfields": [
          {
            "a": "   80018402 "
          }
        ]
      }
    },
    {
      "040": {
        "ind1": "\\",
        "ind2": "\\",
        "subfields": [
          {
            "a": "DLC"
          },
          {
            "b": "eng"
          },
          {
            "c": "DLC"
          },
          {
            "d": "NLM"
          },
          {
            "d": "OCL"
          },
          {
            "d": "MUQ"
          },
          {
            "d": "BTCTA"
          },
          {
            "d": "YDXCP"
          },
          {
            "d": "EAU"
          },
          {
            "d": "ULN"
          },
          {
            "d": "DEBBG"
          },
          {
            "d": "JQE"
          },
          {
            "d": "MNW"
          },
          {
            "d": "AHS"
          },
          {
            "d": "OCLCO"
          },
          {
            "d": "GBVCP"
          },
          {
            "d": "TPH"
          },
          {
            "d": "OCLCF"
          },
          {
            "d": "EOS"
          },
          {
            "d": "OCLCQ"
          },
          {
            "d": "OCLCO"
          },
          {
            "d": "XFF"
          },
          {
            "d": "OCLCO"
          },
          {
            "d": "OCL"
          },
          {
            "d": "OCLCQ"
          },
          {
            "d": "OCLCO"
          },
          {
            "d": "OCLCQ"
          },
          {
            "d": "ALRCP"
          },
          {
            "d": "OCLCQ"
          },
          {
            "d": "KNM"
          },
          {
            "d": "OCL"
          },
          {
            "d": "OCLCO"
          },
          {
            "d": "OCLCA"
          },
          {
            "d": "IL4J6"
          },
          {
            "d": "OCLCO"
          },
          {
            "d": "OCLCQ"
          },
          {
            "d": "OCLCO"
          },
          {
            "d": "AGL"
          }
        ]
      }
    },
    {
      "016": {
        "ind1": "7",
        "ind2": "\\",
        "subfields": [
          {
            "a": "8108342"
          },
          {
            "2": "DNLM"
          }
        ]
      }
    },
    {
      "019": {
        "ind1": "\\",
        "ind2": "\\",
        "subfields": [
          {
            "a": "6877153"
          },
          {
            "a": "6911399"
          },
          {
            "a": "7776958"
          },
          {
            "a": "999372013"
          },
          {
            "a": "1019895624"
          },
          {
            "a": "1104812511"
          },
          {
            "a": "1166924564"
          },
          {
            "a": "1277094810"
          }
        ]
      }
    },
    {
      "020": {
        "ind1": "\\",
        "ind2": "\\",
        "subfields": [
          {
            "a": "0674627326"
          }
        ]
      }
    },
    {
      "020": {
        "ind1": "\\",
        "ind2": "\\",
        "subfields": [
          {
            "a": "9780674627321"
          }
        ]
      }
    },
    {
      "020": {
        "ind1": "\\",
        "ind2": "\\",
        "subfields": [
          {
            "a": "0674627334"
          }
        ]
      }
    },
    {
      "020": {
        "ind1": "\\",
        "ind2": "\\",
        "subfields": [
          {
            "a": "9780674627338"
          }
        ]
      }
    },
    {
      "035": {
        "ind1": "\\",
        "ind2": "\\",
        "subfields": [
          {
            "a": "(OCoLC)6487187"
          },
          {
            "z": "(OCoLC)6877153"
          },
          {
            "z": "(OCoLC)6911399"
          },
          {
            "z": "(OCoLC)7776958"
          },
          {
            "z": "(OCoLC)999372013"
          },
          {
            "z": "(OCoLC)1019895624"
          },
          {
            "z": "(OCoLC)1104812511"
          },
          {
            "z": "(OCoLC)1166924564"
          },
          {
            "z": "(OCoLC)1277094810"
          }
        ]
      }
    },
    {
      "043": {
        "ind1": "\\",
        "ind2": "\\",
        "subfields": [
          {
            "a": "n-us---"
          }
        ]
      }
    },
    {
      "050": {
        "ind1": "0",
        "ind2": "0",
        "subfields": [
          {
            "a": "CT3260"
          },
          {
            "b": ".N573"
          }
        ]
      }
    },
    {
      "050": {
        "ind1": "1",
        "ind2": "4",
        "subfields": [
          {
            "a": "E663"
          },
          {
            "b": ".N67"
          }
        ]
      }
    },
    {
      "060": {
        "ind1": "0",
        "ind2": "0",
        "subfields": [
          {
            "a": "CT 3260"
          },
          {
            "b": "N899 1980"
          }
        ]
      }
    },
    {
      "070": {
        "ind1": "\\",
        "ind2": "\\",
        "subfields": [
          {
            "a": "CT3260.N573"
          }
        ]
      }
    },
    {
      "082": {
        "ind1": "0",
        "ind2": "0",
        "subfields": [
          {
            "a": "920.720973"
          },
          {
            "b": "NOT"
          }
        ]
      }
    },
    {
      "245": {
        "ind1": "0",
        "ind2": "0",
        "subfields": [
          {
            "a": "Notable American women :"
          },
          {
            "b": "the modern period : a biographical dictionary /"
          },
          {
            "c": "edited by Barbara Sicherman, Carol Hurd Green with Ilene Kantrov, Harriette Walker."
          }
        ]
      }
    },
    {
      "260": {
        "ind1": "\\",
        "ind2": "\\",
        "subfields": [
          {
            "a": "Cambridge, Mass. :"
          },
          {
            "b": "Belknap Press of Harvard University Press,"
          },
          {
            "c": "1980."
          }
        ]
      }
    },
    {
      "300": {
        "ind1": "\\",
        "ind2": "\\",
        "subfields": [
          {
            "a": "xxii, 773 pages ;"
          },
          {
            "c": "26 cm"
          }
        ]
      }
    },
    {
      "336": {
        "ind1": "\\",
        "ind2": "\\",
        "subfields": [
          {
            "a": "text"
          },
          {
            "b": "txt"
          },
          {
            "2": "rdacontent"
          }
        ]
      }
    },
    {
      "337": {
        "ind1": "\\",
        "ind2": "\\",
        "subfields": [
          {
            "a": "unmediated"
          },
          {
            "b": "n"
          },
          {
            "2": "rdamedia"
          }
        ]
      }
    },
    {
      "338": {
        "ind1": "\\",
        "ind2": "\\",
        "subfields": [
          {
            "a": "volume"
          },
          {
            "b": "nc"
          },
          {
            "2": "rdacarrier"
          }
        ]
      }
    },
    {
      "520": {
        "ind1": "\\",
        "ind2": "\\",
        "subfields": [
          {
            "a": "This fourth volume of biographies of women who have made distinctive contributions to American life includes 442 women who died from 1951 to 1975."
          }
        ]
      }
    },
    {
      "505": {
        "ind1": "0",
        "ind2": "\\",
        "subfields": [
          {
            "a": "Social reform: Edith Abbott -- Emily Greene Balch -- Donaldina Mackenzie Cameron -- Mary Wiliams Dewson -- Lavinia Lloyd Dock -- Mary Elisabeth Dreier -- Helen Keller -- Frances Kellor -- Dorothy Kenyon -- Lucy Randolph Mason -- Frances Perkins -- Anna Eleanor Roosevelt -- Rose Schneiderman -- Vida Dutton Scudder -- Mary Kingsbury Simkhovitch -- Mary Church Terrell -- Mary Abby Van Kleeck -- Social research: Edith Abbott -- Joanna Carver Colcord -- Mary Williams Dewson -- Margaret Loyd Jarman Hagood -- Elizabeth Ross Haynes -- Frances Kellor -- Emma Octavia Lundberg -- Frieda Segelke Miller -- Mary White Ovington -- Mary Abby VanKleeck -- Theresa Wolfson -- Social Welfare: Ethel Percy Andrus -- Edith Terry Bremer -- Pearl Buck -- Ethel Sturges Dummer -- Helen Keller -- Rebekah Bettelheim Kohut -- Rose Hum Lee -- Edith Elizabeth Lowry -- Anne Tracy Morgan -- Mary Elizabeth Switzer -- Eartha Mary Magdalene White -- Social Work: Edith Abbott -- Edith Terry Bremer -- Ida Maud Cannon -- Joanna Carver Colcord -- Grace Longwell Coyle -- Mary Williams Dewson -- Eleanor Touroff Glueck -- Gordon Hamilton -- Jane Margueretta Hoey -- Mary Cromwell Jarrett -- Emma Octavia Lundberg -- Lydia Rapoport -- Jane Parker Deeter Rippin -- Jessie Taft -- Charlotte Helen Towle -- Miriam Van Waters -- Sociology: Eleanor Touroff Glueck -- Margaret Loyd Jarman Hagood -- Rose Hum Lee -- Irene Barnes Taeuber."
          }
        ]
      }
    },
    {
      "504": {
        "ind1": "\\",
        "ind2": "\\",
        "subfields": [
          {
            "a": "Includes bibliographical references."
          }
        ]
      }
    },
    {
      "650": {
        "ind1": "\\",
        "ind2": "0",
        "subfields": [
          {
            "a": "Women"
          },
          {
            "z": "United States"
          },
          {
            "v": "Biography"
          },
          {
            "v": "Dictionaries."
          }
        ]
      }
    },
    {
      "650": {
        "ind1": "1",
        "ind2": "2",
        "subfields": [
          {
            "a": "Women."
          }
        ]
      }
    },
    {
      "650": {
        "ind1": "\\",
        "ind2": "7",
        "subfields": [
          {
            "a": "Women."
          },
          {
            "2": "fast"
          },
          {
            "0": "(OCoLC)fst01176568"
          }
        ]
      }
    },
    {
      "651": {
        "ind1": "\\",
        "ind2": "7",
        "subfields": [
          {
            "a": "United States."
          },
          {
            "2": "fast"
          },
          {
            "0": "(OCoLC)fst01204155"
          }
        ]
      }
    },
    {
      "655": {
        "ind1": "\\",
        "ind2": "2",
        "subfields": [
          {
            "a": "Biography."
          }
        ]
      }
    },
    {
      "655": {
        "ind1": "\\",
        "ind2": "7",
        "subfields": [
          {
            "a": "Biographies."
          },
          {
            "2": "fast"
          },
          {
            "0": "(OCoLC)fst01919896"
          }
        ]
      }
    },
    {
      "655": {
        "ind1": "\\",
        "ind2": "7",
        "subfields": [
          {
            "a": "Reference works."
          },
          {
            "2": "fast"
          },
          {
            "0": "(OCoLC)fst01919963"
          }
        ]
      }
    },
    {
      "655": {
        "ind1": "\\",
        "ind2": "7",
        "subfields": [
          {
            "a": "Dictionaries."
          },
          {
            "2": "fast"
          },
          {
            "0": "(OCoLC)fst01423826"
          }
        ]
      }
    },
    {
      "655": {
        "ind1": "\\",
        "ind2": "7",
        "subfields": [
          {
            "a": "Reference works."
          },
          {
            "2": "lcgft"
          }
        ]
      }
    },
    {
      "700": {
        "ind1": "1",
        "ind2": "\\",
        "subfields": [
          {
            "a": "Sicherman, Barbara."
          }
        ]
      }
    },
    {
      "700": {
        "ind1": "1",
        "ind2": "\\",
        "subfields": [
          {
            "a": "Green, Carol Hurd."
          }
        ]
      }
    },
    {
      "856": {
        "ind1": "4",
        "ind2": "1",
        "subfields": [
          {
            "3": "Table of contents"
          },
          {
            "u": "http://www.gbv.de/dms/bowker/toc/9780674627338.pdf"
          }
        ]
      }
    },
    {
      "856": {
        "ind1": "4",
        "ind2": "1",
        "subfields": [
          {
            "u": "http://0-www.credoreference.com.ksclib.keene.edu/book/hupnawii"
          },
          {
            "z": "KSC: Connect to online version"
          }
        ]
      }
    },
    {
      "994": {
        "ind1": "\\",
        "ind2": "\\",
        "subfields": [
          {
            "a": "Z0"
          },
          {
            "b": "NYRVC"
          }
        ]
      }
    },
    {
      "948": {
        "ind1": "\\",
        "ind2": "\\",
        "subfields": [
          {
            "h": "NO HOLDINGS IN NYRVC - 1727 OTHER HOLDINGS"
          }
        ]
      }
    },
    {
      "999": {
        "ind1": "\\",
        "ind2": "\\",
        "subfields": [
          {
            "a": "00000000014749"
          }
        ]
      }
    }
  ]
}